<record><leader>00000cas a2200000 a 4500</leader><controlfield tag="001">12674739</controlfield><controlfield tag="008">851015d18841888ksuwr ne      0    0eng d</controlfield><datafield ind1=" " ind2=" " tag="010"><subfield code="a">sn 85032780 </subfield></datafield><datafield ind1=" " ind2=" " tag="040"><subfield code="a">KSH</subfield><subfield code="b">eng</subfield><subfield code="c">KSH</subfield><subfield code="d">NPT</subfield><subfield code="d">OCL</subfield><subfield code="d">OCLCQ</subfield></datafield><datafield ind1=" " ind2=" " tag="042"><subfield code="a">msc</subfield></datafield><datafield ind1="0" ind2=" " tag="130"><subfield code="a">Oxford register (Oxford, Kan. : 1884)</subfield></datafield><datafield ind1="1" ind2="4" tag="245"><subfield code="a">The Oxford register.</subfield></datafield><datafield ind1="1" ind2="3" tag="246"><subfield code="a">Oxford weekly register</subfield><subfield code="f">Nov. 26, 1887-Apr. 28, 1888</subfield></datafield><datafield ind1=" " ind2=" " tag="260"><subfield code="a">Oxford, Kan. :</subfield><subfield code="b">W.A. Martin &amp; J.S. Converse,</subfield><subfield code="c">1884-1888.</subfield></datafield><datafield ind1=" " ind2=" " tag="300"><subfield code="a">5 v. ;</subfield><subfield code="c">52 cm.</subfield></datafield><datafield ind1=" " ind2=" " tag="310"><subfield code="a">Weekly</subfield></datafield><datafield ind1="0" ind2=" " tag="362"><subfield code="a">Vol. 1, no. 1 (Feb. 15, 1884)-v. 5, no. 11 (Apr. 28, 1888).</subfield></datafield><datafield ind1=" " ind2=" " tag="500"><subfield code="a">Published by J.S. Converse, Mar. 14, 1885-Apr. 28, 1888.</subfield></datafield><datafield ind1=" " ind2=" " tag="752"><subfield code="a">United States</subfield><subfield code="b">Kansas</subfield><subfield code="c">Sumner</subfield><subfield code="d">Oxford.</subfield></datafield><datafield ind1="0" ind2="4" tag="785"><subfield code="t">Mocking bird</subfield><subfield code="w">(DLC)sn 85032781</subfield></datafield><datafield ind1="1" ind2=" " tag="029"><subfield code="a">AU@</subfield><subfield code="b">000022167031</subfield></datafield></record>